

@ARTICLE{PSW2009,
   author = {{Pence}, W.~D. and {Seaman}, R. and {White}, R.~L.},
    title = "{Lossless Astronomical Image Compression and the Effects of Noise}",
  journal = {\pasp},
archivePrefix = "arXiv",
   eprint = {0903.2140},
 primaryClass = "astro-ph.IM",
     year = 2009,
    month = apr,
   volume = 121,
    pages = {414},
      doi = {10.1086/599023},
   adsurl = {http://adsabs.harvard.edu/abs/2009PASP..121..414P},
  adsnote = {Provided by the SAO/NASA Astrophysics Data System}
}

@ARTICLE{PWH2010,
   author = {{Price-Whelan}, A.~M. and {Hogg}, D.~W.},
    title = "{What Bandwidth Do I Need for My Image?}",
  journal = {\pasp},
archivePrefix = "arXiv",
   eprint = {0910.2375},
 primaryClass = "astro-ph.IM",
     year = 2010,
    month = feb,
   volume = 122,
    pages = {207},
      doi = {10.1086/651009},
   adsurl = {http://adsabs.harvard.edu/abs/2010PASP..122..207P},
  adsnote = {Provided by the SAO/NASA Astrophysics Data System}
}


